@article{BelloniTheReviewofEconomicStudies2014,
  title        = {Inference on {{Treatment Effects}} after {{Selection}} among {{High-Dimensional Controls}}},
  author       = {Belloni, A. and Chernozhukov, V. and Hansen, C.},
  date         = {2014-04-01},
  journaltitle = {The Review of Economic Studies},
  shortjournal = {The Review of Economic Studies},
  volume       = {81},
  number       = {2},
  pages        = {608--650},
  issn         = {0034-6527, 1467-937X},
  doi          = {10.1093/restud/rdt044},
  langid       = {english}
}

@book{Cochrane2009,
  title      = {Asset {{Pricing}}: {{Revised Edition}}},
  shorttitle = {Asset {{Pricing}}},
  author     = {Cochrane, John H.},
  date       = {2009},
  publisher  = {Princeton University Press},
  location   = {s.l},
  isbn       = {978-0-691-12137-6},
  langid     = {english},
  pagetotal  = {552}
}

@article{CochraneTheJournalofFinance2011,
  title        = {Presidential {{Address}}: {{Discount Rates}}},
  shorttitle   = {Presidential {{Address}}},
  author       = {Cochrane, John H.},
  date         = {2011-08},
  journaltitle = {The Journal of Finance},
  shortjournal = {The Journal of Finance},
  volume       = {66},
  number       = {4},
  pages        = {1047--1108},
  issn         = {0022-1082, 1540-6261},
  doi          = {10.1111/j.1540-6261.2011.01671.x},
  langid       = {english}
}

@article{FamaJ.Polit.Econ.1973,
  title        = {Risk, {{Return}}, and {{Equilibrium}}: {{Empirical Tests}}},
  shorttitle   = {Risk, {{Return}}, and {{Equilibrium}}},
  author       = {Fama, Eugene F. and MacBeth, James D.},
  date         = {1973},
  journaltitle = {Journal of Political Economy},
  shortjournal = {J. Polit. Econ.},
  volume       = {81},
  number       = {3},
  eprint       = {1831028},
  eprinttype   = {jstor},
  pages        = {607--636},
  publisher    = {The University of Chicago Press},
  issn         = {0022-3808},
  url          = {https://www.jstor.org/stable/1831028},
  urldate      = {2024-10-22}
}

@article{FamaJournalofFinancialEconomics1993,
  title        = {Common Risk Factors in the Returns on Stocks and Bonds},
  author       = {Fama, Eugene F. and French, Kenneth R.},
  date         = {1993-02},
  journaltitle = {Journal of Financial Economics},
  shortjournal = {Journal of Financial Economics},
  volume       = {33},
  number       = {1},
  pages        = {3--56},
  issn         = {0304405X},
  doi          = {10.1016/0304-405X(93)90023-5},
  langid       = {english}
}

@article{GibbonsEconometrica1989,
  title        = {A {{Test}} of the {{Efficiency}} of a {{Given Portfolio}}},
  author       = {Gibbons, Michael R. and Ross, Stephen A. and Shanken, Jay},
  date         = {1989-09},
  journaltitle = {Econometrica},
  shortjournal = {Econometrica},
  volume       = {57},
  number       = {5},
  eprint       = {1913625},
  eprinttype   = {jstor},
  pages        = {1121},
  issn         = {00129682},
  doi          = {10.2307/1913625}
}

@article{KozakJournalofFinancialEconomics2020,
  title        = {Shrinking the Cross-Section},
  author       = {Kozak, Serhiy and Nagel, Stefan and Santosh, Shrihari},
  date         = {2020-02-01},
  journaltitle = {Journal of Financial Economics},
  shortjournal = {Journal of Financial Economics},
  volume       = {135},
  number       = {2},
  pages        = {271--292},
  issn         = {0304-405X},
  doi          = {10.1016/j.jfineco.2019.06.008}
}

@article{KozakTheJournalofFinance2018,
  title        = {Interpreting {{Factor Models}}},
  author       = {Kozak, Serhiy and Nagel, Stefan and Santosh, Shrihari},
  date         = {2018-06},
  journaltitle = {The Journal of Finance},
  shortjournal = {The Journal of Finance},
  volume       = {73},
  number       = {3},
  pages        = {1183--1223},
  issn         = {0022-1082, 1540-6261},
  doi          = {10.1111/jofi.12612},
  langid       = {english}
}